@misc{praat,
    author    = {Praat},
    title     = {Praat: doing phonetics by computer},
    howpublished = {GitHub},
    url       = {https://github.com/praat/praat},
    note      = {[Kasutatud: 01.01.2025]}
}

@misc{textgrid,
    author    = {Praat},
    title     = {TextGrid file formats},
    url       ={https://www.fon.hum.uva.nl/praat/manual/TextGrid_file_formats.html},
    note      = {[Kasutatud: 15.01.2025]}
}

@misc{opensmile,
    author    = {OpenSMILE},
    title     = {OpenSMILE: The Munich open-source large-scale multimedia feature extractor},
    howpublished = {GitHub},
    url       = {https://github.com/audeering/opensmile},
    note      = {[Kasutatud: 01.01.2025]}
}

@misc{eyben2016gemaps,
    author={Eyben, Florian and Scherer, Klaus R. and Schuller, Björn W. and Sundberg, Johan and André, Elisabeth and Busso, Carlos and Devillers, Laurence Y. and Epps, Julien and Laukka, Petri and Narayanan, Shrikanth S. and Truong, Khiet P.},
    title     = {The Geneva Minimalistic Acoustic Parameter Set (GeMAPS) for Voice Research and Affective Computing},
    journal   = {IEEE Transactions on Affective Computing},
    volume    = {7},
    number    = {2},
    pages     = {190--202},
    year      = {2016},
    url       = {https://ieeexplore.ieee.org/document/7160715},
    doi       = {10.1109/TAFFC.2015.2457417},
    note      = {[Kasutatud: 01.01.2025]}
}

@misc{wasp,
  author       = {Mark Huckvale},
  title        = {WASP (Windows Tool for Speech Analysis)},
  year         = {2020},
  url          = {https://www.phon.ucl.ac.uk/resource/sfs/wasp/},
  note         = {Kasutatud: 01.01.2025}
}

@misc{matplotlib,
    author    = {Matplotlib},
    title     = {Matplotlib: Visualization with Python},
    url       = {https://matplotlib.org/stable/},
    note         = {Kasutatud: 01.01.2025}
}

@misc{kõneveeb,
    author    = {Kõneveeb},
    title     = {Kõneveeb: Audiofailide akustiliste omadusste võrdlus},
    url       = {https://koneveeb.ee/akustika/},
    note      = {Kasutatud: 01.01.2025}
}

@misc{plotly,
    author    = {Plotly},
    title     = {Plotly: The interactive graphing library for Python, R, and other programming languages},
    url       = {https://plotly.com/},
    note      = {Kasutatud: 01.01.2025}

}

@misc{pyqt5,
    author    = {PyQt5},
    title     = {PyQt5: Python bindings for the Qt application framework},
    howpublished = {Official Documentation},
    url       = {https://www.riverbankcomputing.com/software/pyqt/intro},
    note      = {Kasutatud: 01.01.2025}

}

@misc{pyqt,
    author    = {PyQt},
    title     = {PyQt: Cross-platform GUI framework for Python},
    howpublished = {Community Documentation},
    url       = {https://www.riverbankcomputing.com/software/pyqt/intro},
    note      = {Kasutatud: 01.01.2025}

}

@misc{pyqt_tkinter,
    author    = {Martin Fitzpatrick},
    title     = {PyQt vs. Tkinter — Which Should You Choose for Your Next GUI Project?},
    url       = {https://www.pythonguis.com/faq/pyqt-vs-tkinter/},
    note      = {[Kasutatud: 15.01.2025]}
}

@misc{pandas,
    author    = {Pandas},
    title     = {pandas: Powerful Python data analysis toolkit},
    howpublished = {Official Documentation},
    url       = {https://pandas.pydata.org/},
    note      = {Kasutatud: 01.01.2025}
}

@misc{numpy,
    author    = {NumPy},
    title     = {NumPy: The fundamental package for scientific computing with Python},
    url       = {https://numpy.org/},
    note      = {Kasutatud: 01.01.2025}
}

@misc{mongodb,
    author    = {MongoDB Inc.},
    title     = {MongoDB: The developer data platform},
    howpublished = {Official Website},
    url       = {https://www.mongodb.com/},
    note      = {Kasutatud: 01.01.2025}
}

@misc{tkinter,
    author    = {Tkinter},
    title     = {Tkinter: The standard Python interface to the Tk GUI toolkit},
    howpublished = {Python Documentation},
    url       = {https://docs.python.org/3/library/tk.html},
    note      = {Kasutatud: 01.01.2025}
}

@misc{scikit-learn,
    author    = {Scikit-learn},
    title     = {Scikit-learn: Machine learning in Python},
    howpublished = {Official Documentation},
    url       = {https://scikit-learn.org/},
    note      = {Kasutatud: 01.01.2025}
}

@misc{scipy,
    author    = {SciPy},
    title     = {SciPy: Scientific computing tools for Python},
    howpublished = {Official Documentation},
    url       = {https://scipy.org/},
    note      = {Kasutatud: 01.01.2025}
}

@misc{pymongo,
    author    = {PyMongo},
    title     = {PyMongo: Python driver for MongoDB},
    howpublished = {GitHub},
    url       = {https://www.mongodb.com/docs/languages/python/pymongo-driver/current/},
    note      = {Kasutatud: 01.01.2025}
}

@misc{mongomock,
    author    = {MongoMock},
    title     = {MongoMock: Mocking library for MongoDB in Python},
    howpublished = {GitHub},
    url       = {https://github.com/mongomock/mongomock},
    note      = {Kasutatud: 01.01.2025}
}

@article{pajupuu_altrov,
    author    = {Pajupuu, Hille and Pajupuu, Jaan and Altrov, Rene},
    title     = {Arvutiparalingvistika väljakutsed ja eesti hääle meeldivus},
    journal   = {Mäetagused},
    volume    = {68},
    year      = {2017},
    url       = {https://www.folklore.ee/tagused/nr68/pajupuu_altrov.pdf},
    note      = {Kasutatud: 01.01.2025}
}

@book{speech_language_processing_csi2015,
    editor    = {Agrawal, Shyam and Dev, Amita and  Wason, Ritika and Bansal, Poonam},
    title     = {Speech and Language Processing for Human-Machine Communications: Proceedings of CSI 2015},
    series    = {Advances in Intelligent Systems and Computing},
    volume    = {664},
    publisher = {Springer},
    year      = {2018},
    note      = {Kasutatud: 01.01.2025}
}

@misc{voicesauce,
    author    = {Y.-L. Shue and P. Keating and C. Vicenik and K. Yu},
    title     = {VoiceSauce: A program for voice analysis},
    howpublished = {UCLA Phonetics Laboratory},
    url       = {https://phonetics.ucla.edu/voicesauce/},
    note      = {Kasutatud: 01.01.2025}
}

@misc{praatio,
    author    = {Praatio},
    title     = {Praatio: A library for working with Praat TextGrid files in Python},
    howpublished = {GitHub},
    url       = {https://github.com/timmahrt/praatio},
    note      = {Kasutatud: 01.01.2025}
}

@book{techniques_speech_acoustics,
    author    = {Harrington, Jonathan and Cassidy, Steve},
    title     = {Techniques in Speech Acoustics},
    series    = {Text, Speech and Language Technology},
    volume    = {8},
    publisher = {Springer},
    year      = {1999}
}

@article{voice_style_radio,
    author    = {Pajupuu, Hille and Altrov, Rene and Pajupuu, Jaan},
    title     = {Preference of Voice and Performance Style in Radio Advertising},
    journal   = {Eesti Rakenduslingvistika Ühingu Aastaraamat},
    volume    = {20},
    pages     = {181--197},
    year      = {2024},
}

@article{vividness_audiobooks,
    author    = {Pajupuu, Hille and Altrov, Rene and Pajupuu, Jaan},
    title     = {Towards a vividness in synthesized speech for audiobooks},
    journal   = {ESUKA – JEFUL},
    volume    = {10},
    number    = {1},
    pages     = {167--190},
    year      = {2019},
    doi       = {https://doi.org/10.12697/jeful.2019.10.1.09},
    note      = {Kasutatud: 01.01.2025}
}

@inproceedings{keesing_emotion_recognition,
    author    = {Keesing, Aaron and Koh, Yun Sing and Witbrock, Michael},
    title     = {Acoustic Features and Neural Representations for Categorical Emotion Recognition from Speech},
    booktitle = {Proceedings of the Conference on Emotion Recognition from Speech},
    journal   = {ResearchGate},
    year      = {2021},
    url = {https://www.researchgate.net/publication/354220829_Acoustic_Features_and_Neural_Representations_for_Categorical_Emotion_Recognition_from_Speech},
    doi       = {10.21437/Interspeech.2021-2217},
    note      = {Kasutatud: 01.01.2025}
}

@misc{mongodb_data_modeling,
    author    = {MongoDB Inc.},
    title     = {MongoDB Manual: Data Modeling},
    howpublished = {Official Documentation},
    url       ={https://www.mongodb.com/docs/manual/data-modeling/},
    note      = {Kasutatud: 01.01.2025}
}

@article{fougeron_adult_speech_variation,
    author    = {Fougeron, Cécile  and Guitard-Ivent, Fanny and Delvaux, Véronique},
    title     = {Multi-Dimensional Variation in Adult Speech as a Function of Age},
    journal   = {Languages},
    volume    = {6},
    number    = {4},
    pages     = {176},
    year      = {2021},
    doi       = {10.3390/languages6040176},
    url       = {https://doi.org/10.3390/languages6040176},
    note      = {Kasutatud: 01.01.2025}
}

@misc{norm_vowel_normalization,
    author = {Thomas, Erik R. and Kendall, Tyler},
    title = {NORM's Vowel Normalization Methods (v. 1.1)},
    url = {http://lingtools.uoregon.edu/norm/norm1_methods.php},
    note = {Kasutatud: 15.01.2025},
}

@misc{scikit_standardscaler,
    author = {Scikit-learn},
    title = {sklearn.preprocessing.StandardScaler},
    url = {https://scikit-learn.org/dev/modules/generated/sklearn.preprocessing.StandardScaler.html},
    note = {Kasutatud: 2025-01-15},
}


@misc{pyinstaller_manual,
    author = {David Cortesi and Giovanni Bajo and William Caban},
    title = {PyInstaller Manual},
    url = {https://pyinstaller.org/en/stable/},
    note = {Kasutatud: 2025-01-15},
}

@misc{hrauds_repo,
  author       = {Hanna Raudsepp},
  title        = {Acoustic Feature Analysis},
  url = {https://github.com/hrauds/acoustic-feature-analysis},
  year         = {2025},
  note         = {Kasutatud: 2025-01-15},
}


